
@article{ehrig2001isomorphie,
  title={Isomorphie, Mono-und Epimorphismen},
  author={Ehrig, Hartmut and Mahr, Bernd and Gro{\ss}e-Rhode, Martin and Cornelius, Felix and Zeitz, Philip and Ehrig, Hartmut and Mahr, Bernd and Gro{\ss}e-Rhode, Martin and Cornlius, Felix and Zeitz, Philip},
  journal={Mathematisch-strukturelle Grundlagen der Informatik},
  pages={479--486},
  year={2001},
  publisher={Springer}
}

@book{mac2013categories,
  title={Categories for the working mathematician},
  author={Mac Lane, Saunders},
  volume={5},
  year={2013},
  publisher={Springer Science \& Business Media}
}



@Comment @misc{etde_5974612,
@Comment   title        = {Solid helium 3: a nuclear antiferromagnetic element},
@Comment   author       = {Willard, F. D.C.},
@Comment   abstractNote = {Results of experiments on nuclear magnetic structure of ordered solid helium 3 owing to quantum exchange at 0.5 mk are briefly exposed.},
@Comment   journal      = {Journal of Low Temperature Physics},
@Comment   volume       = {11},
@Comment   number       = {114},  % Changed to "number" from journal type
@Comment   place        = {France},
@Comment   year         = {1980},
@Comment   month        = sep,
@Comment }
